@book{wilde,
	author       = {Wilde, Oscar},
	title        = {The Importance of Being Earnest: A Trivial Comedy for Serious
		  	People},
	year         = 1899,
	series       = {English and {American} drama of the Nineteenth Century},
	publisher    = {Leonard Smithers {and} Company},
	eprint       = {4HIWAAAAYAAJ},
	eprinttype   = {googlebooks},
	annotation   = {A \texttt{book} with \texttt{eprint} and \texttt{eprinttype}
		  	fields.},
}

@book{nla.cat-vn1043928,
	author = { Hesse, Hermann, },
	title = { Narziss und Goldmund },
	publisher = { Fischer (1920) Berlin },
	pages = { 1 v. },
	type = { Book },
	language = { English },
	catalogue-url = { http://nla.gov.au/nla.cat-vn1043928 },
}

@article{Einstein:1916vd,
	author        = "Albert Einstein",
	title         = "The Foundation of the General Theory of Relativity",
	journal       = "Annalen Phys.",
	volume        = "49",
	pages         = "769-822",
	year          = "1916",
}


@article{turing1936computable,
	title={On computable numbers, with an application to the Entscheidungsproblem},
	author={Turing, Alan Mathison},
	journal={J. of Math},
	volume={58},
	number={345-363},
	pages={5},
	year={1936}
}

@phdthesis{EWDthesis,
	author = "Edsger W. Dijkstra",
	title = "Communication with an {A}utomatic {C}omputer",
	year = "1959",
	publisher = "Excelsior",
	school = "University of Amsterdam",
	url = "http://www.cs.utexas.edu/users/EWD/PhDthesis/PhDthesis.PDF"
}

@book{Asimov:1984:DWF:577473,
	author = {Asimov, Isaac},
	title = {How Did We Find Out About Computers?},
	year = {1984},
	publisher = {Walker \& Company},
	keywords = {academic},
	mydoi = {http://dl.acm.org/citation.cfm?id=577473}
}

@book{Asimov:1985:RMM:4983,
	author = {Asimov, Isaac and Frenkel, Karen A.},
	title = {Robots: Machines in Man's Image},
	year = {1985},
	isbn = {0-517-55110-1},
	publisher = {Harmony Books},
	address = {New York, NY, USA},
	keywords = {academic},
	mydoi = {http://dl.acm.org/citation.cfm?id=4983}
} 

@book{Asimov:The-Last-Question,
	author = {Asimov, Isaac},
	title = {The Last Question},
	year = {1956},
	publisher = {Columbia Publications},
	keywords = {fiction},
	mypdf = {http://micha.elmueller.net/wp-content/uploads/2015/01/the-last-question.pdf}
} 

@book{asimov1951foundation,
	author = "Asimov, Isaac",
	title = {Foundation (Foundation, \#1)},
	publisher = "Spectra",
	year = "1951",
	keywords = {fiction}
}

@book{asimov1950i,
	author = "Asimov, Isaac",
	title = "I, Robot",
	publisher = "Spectra",
	year = "1950",
	keywords = {fiction}
}
